<?xml version="1.0" encoding="UTF-8"?><collection xmlns="http://www.loc.gov/MARC21/slim"><record><leader>00493nam--2200169-i-4500</leader><controlfield tag="001">000042854</controlfield><controlfield tag="002">20161230</controlfield><controlfield tag="005">20161230201043</controlfield><controlfield tag="008">060222s1000------------r-----000-0-eng-d</controlfield><datafield ind1=" " ind2=" " tag="040"><subfield code="a">IFIN-HH</subfield></datafield><datafield ind1=" " ind2=" " tag="080"><subfield code="a">539.172.12:539.125.46</subfield></datafield><datafield ind1="1" ind2=" " tag="100"><subfield code="a">Stenbacka,Rolf</subfield></datafield><datafield ind1="1" ind2="0" tag="245"><subfield code="a">Bayron and meson production in antiproton. proton reactions at 9 gev/c</subfield><subfield code="b">Dissertation</subfield><subfield code="c">Rolf stennbacka</subfield></datafield><datafield ind1=" " ind2=" " tag="260"><subfield code="a">Stockholm</subfield><subfield code="b">University</subfield><subfield code="c">1979</subfield></datafield><datafield ind1=" " ind2=" " tag="300"><subfield code="a">52 P</subfield></datafield><datafield ind1=" " ind2=" " tag="852"><subfield code="a">48560</subfield><subfield code="c">539.17</subfield></datafield><datafield ind1=" " ind2=" " tag="CAT"><subfield code="a">Sys</subfield><subfield code="c">20120619</subfield><subfield code="h">130943</subfield></datafield></record></collection>